@article{albenchmark1,
	title = {Effective Evaluation of Deep Active Learning on Image Classification Tasks},
	url = {https://arxiv.org/pdf/2106.15324.pdf},
	journaltitle = {Arxiv},
	author = {Beck, Nathan, Durga Sivasubramanian, Apurva Dani, Ganesh Ramakrishnan, and Rishabh Iyer},
	date = {2021-11}
}


@article{srivastava_dropout_2014,
	title = {Dropout: A Simple Way to Prevent Neural Networks from Overfitting},
	volume = {15},
	issn = {1533-7928},
	url = {http://jmlr.org/papers/v15/srivastava14a.html},
	shorttitle = {Dropout},
	pages = {1929--1958},
	number = {56},
	journaltitle = {Journal of Machine Learning Research},
	author = {Srivastava, Nitish and Hinton, Geoffrey and Krizhevsky, Alex and Sutskever, Ilya and Salakhutdinov, Ruslan},
	urldate = {2021-04-01},
	date = {2014},
	file = {Full Text PDF:/home/rscholz/Zotero/storage/ZMZ3PV7D/Srivastava et al. - 2014 - Dropout A Simple Way to Prevent Neural Networks f.pdf:application/pdf;Snapshot:/home/rscholz/Zotero/storage/YBWR3Q6N/srivastava14a.html:text/html}
}
