
# CoreSet
@article{sener2017active,
	title={Active learning for convolutional neural networks: A core-set approach},
	author={Sener, Ozan and Savarese, Silvio},
	journal={arXiv preprint arXiv:1708.00489},
	year={2017}
}

# BADGE
@inproceedings{ashdeep,
	title={Deep Batch Active Learning by Diverse, Uncertain Gradient Lower Bounds},
	author={Ash, Jordan T and Zhang, Chicheng and Krishnamurthy, Akshay and Langford, John and Agarwal, Alekh},
	booktitle={International Conference on Learning Representations},
	year={2020}
}

# BALD
@article{kirsch2019batchbald,
	title={Batchbald: Efficient and diverse batch acquisition for deep bayesian active learning},
	author={Kirsch, Andreas and Van Amersfoort, Joost and Gal, Yarin},
	journal={Advances in neural information processing systems},
	volume={32},
	year={2019}
}

# TypiClust
@article{hacohen2022active,
	title={Active learning on a budget: Opposite strategies suit high and low budgets},
	author={Hacohen, Guy and Dekel, Avihu and Weinshall, Daphna},
	journal={arXiv preprint arXiv:2202.02794},
	year={2022}
}